@misc{natgames2019,
  author = {Kevin, Buzzard},
  title = {Natural Number Games},
  year = {2019},
  publisher = {GitHub},
  journal = {GitHub repository},
  howpublished = {\url{https://github.com/ImperialCollegeLondon/natural_number_game}},
  commit = {2d764f72669ae30861f6a1057fce0257f3e466c4}
}

@Manual{Coq,
  title =        {The Coq proof assistant reference manual},
  author =       {The Coq development team},
  organization = {LogiCal Project},
  note =         {Version 8.0},
  year =         {2004},
  url =          "http://coq.inria.fr"
}

@Book{girard2006le,
 author = {Girard, Jean-Yves},
 title = {Le point aveugle : cours de logique},
 publisher = {Hermann},
 year = {2006},
 address = {Paris},
 isbn = {2705666338}
 }

@incollection{Automath,
  title={A survey of the project AUTOMATH},
  author={De Bruijn, Nicolaas Govert},
  booktitle={Studies in Logic and the Foundations of Mathematics},
  volume={133},
  pages={141--161},
  year={1994},
  publisher={Elsevier}
}

@book{IsabelleHOL,
  title={Isabelle/HOL: a proof assistant for higher-order logic},
  author={Nipkow, Tobias and Paulson, Lawrence C and Wenzel, Markus},
  volume={2283},
  year={2002},
  publisher={Springer Science \& Business Media}
}

@inproceedings{Mizar,
  title={Computer assisted reasoning with MIZAR.},
  author={Trybulec, Andrzej and Blair, Howard A},
  booktitle={IJCAI},
  volume={85},
  pages={26--28},
  year={1985}
}

@article{avigad2014lean,
  title={The Lean Theorem Prover},
  author={Avigad, Jeremy},
  journal={Microsoft Research, Carnegie Mellon University},
  year={2014}
}


@inproceedings{mathlib,
author = {The mathlib Community},
title = {The Lean Mathematical Library},
year = {2020},
isbn = {9781450370974},
publisher = {Association for Computing Machinery},
address = {New York, NY, USA},
url = {https://doi.org/10.1145/3372885.3373824},
doi = {10.1145/3372885.3373824},
booktitle = {Proceedings of the 9th ACM SIGPLAN International Conference on Certified Programs and Proofs},
pages = {367–381},
numpages = {15},
keywords = {formal proof, Lean, mathlib, formal library},
location = {New Orleans, LA, USA},
series = {CPP 2020}
}

@book{artin2005algebraic,
  title={Algebraic numbers and algebraic functions},
  author={Artin, Emil},
  volume={358},
  year={2005},
  publisher={American Mathematical Soc.}
}

@article{wampler2010complete,
  title={A complete proof of the Robbins conjecture},
  author={Wampler-Doty, Matthew},
  journal={The Archive of Formal Proofs. http://afp. sf. net/entries/Robbins-Conjecture. shtml},
  year={2010}
}

@book{bertot2013interactive,
  title={Interactive theorem proving and program development: Coq’Art: the calculus of inductive constructions},
  author={Bertot, Yves and Cast{\'e}ran, Pierre},
  year={2013},
  publisher={Springer Science \& Business Media}
}

@Book{hottbook,
  author =    {The {Univalent Foundations Program}},
  title =     {Homotopy Type Theory: Univalent Foundations of Mathematics},
  publisher = {\url{https://homotopytypetheory.org/book}},
  address =   {Institute for Advanced Study},
  year =      2013}

@phdthesis{baek2019reflected,
  title={Reflected Decision Procedures in Lean},
  author={Baek, Seulkee},
  year={2019},
  school={Master’s thesis. Carnegie Mellon University. http://www. andrew. cmu. edu~…}
}

@inproceedings{pugh1991omega,
  title={The Omega test: a fast and practical integer programming algorithm for dependence analysis},
  author={Pugh, William},
  booktitle={Supercomputing'91: Proceedings of the 1991 ACM/IEEE conference on Supercomputing},
  pages={4--13},
  year={1991},
  organization={IEEE}
}

@article{akbarpour2010metitarski,
  title={MetiTarski: An automatic theorem prover for real-valued special functions},
  author={Akbarpour, Behzad and Paulson, Lawrence Charles},
  journal={Journal of Automated Reasoning},
  volume={44},
  number={3},
  pages={175--205},
  year={2010},
  publisher={Springer}
}

@inproceedings{bauer2017hott,
  title={The HoTT library: a formalization of homotopy type theory in Coq},
  author={Bauer, Andrej and Gross, Jason and Lumsdaine, Peter LeFanu and Shulman, Michael and Sozeau, Matthieu and Spitters, Bas},
  booktitle={Proceedings of the 6th ACM SIGPLAN Conference on Certified Programs and Proofs},
  pages={164--172},
  year={2017}
}
