@misc{natgames2019,
  author = {Kevin, Buzzard},
  title = {Natural Number Games},
  year = {2019},
  publisher = {GitHub},
  journal = {GitHub repository},
  howpublished = {\url{https://github.com/ImperialCollegeLondon/natural_number_game}},
  commit = {2d764f72669ae30861f6a1057fce0257f3e466c4}
}

@Manual{Coq,
  title =        {The Coq proof assistant reference manual},
  author =       {The Coq development team},
  organization = {LogiCal Project},
  note =         {Version 8.0},
  year =         {2004},
  url =          "http://coq.inria.fr"
}

@Book{girard2006le,
 author = {Girard, Jean-Yves},
 title = {Le point aveugle : cours de logique},
 publisher = {Hermann},
 year = {2006},
 address = {Paris},
 isbn = {2705666338}
 }

@incollection{Automath,
  title={A survey of the project AUTOMATH},
  author={De Bruijn, Nicolaas Govert},
  booktitle={Studies in Logic and the Foundations of Mathematics},
  volume={133},
  pages={141--161},
  year={1994},
  publisher={Elsevier}
}

@book{IsabelleHOL,
  title={Isabelle/HOL: a proof assistant for higher-order logic},
  author={Nipkow, Tobias and Paulson, Lawrence C and Wenzel, Markus},
  volume={2283},
  year={2002},
  publisher={Springer Science \& Business Media}
}

@inproceedings{Mizar,
  title={Computer assisted reasoning with MIZAR.},
  author={Trybulec, Andrzej and Blair, Howard A},
  booktitle={IJCAI},
  volume={85},
  pages={26--28},
  year={1985}
}

@article{avigad2014lean,
  title={The Lean Theorem Prover},
  author={Avigad, Jeremy},
  journal={Microsoft Research, Carnegie Mellon University},
  year={2014}
}


@inproceedings{mathlib,
author = {The mathlib Community},
title = {The Lean Mathematical Library},
year = {2020},
isbn = {9781450370974},
publisher = {Association for Computing Machinery},
address = {New York, NY, USA},
url = {https://doi.org/10.1145/3372885.3373824},
doi = {10.1145/3372885.3373824},
booktitle = {Proceedings of the 9th ACM SIGPLAN International Conference on Certified Programs and Proofs},
pages = {367–381},
numpages = {15},
keywords = {formal proof, Lean, mathlib, formal library},
location = {New Orleans, LA, USA},
series = {CPP 2020}
}

@book{artin2005algebraic,
  title={Algebraic numbers and algebraic functions},
  author={Artin, Emil},
  volume={358},
  year={2005},
  publisher={American Mathematical Soc.}
}

@article{wampler2010complete,
  title={A complete proof of the Robbins conjecture},
  author={Wampler-Doty, Matthew},
  journal={The Archive of Formal Proofs. http://afp. sf. net/entries/Robbins-Conjecture. shtml},
  year={2010}
}

@book{bertot2013interactive,
  title={Interactive theorem proving and program development: Coq’Art: the calculus of inductive constructions},
  author={Bertot, Yves and Cast{\'e}ran, Pierre},
  year={2013},
  publisher={Springer Science \& Business Media}
}

@Book{hottbook,
  author =    {The {Univalent Foundations Program}},
  title =     {Homotopy Type Theory: Univalent Foundations of Mathematics},
  publisher = {\url{https://homotopytypetheory.org/book}},
  address =   {Institute for Advanced Study},
  year =      2013}
